%% This BibTeX bibliography file was created using BibDesk.
%% http://bibdesk.sourceforge.net/


%% Created for Curtis Rau at 2016-03-17 12:30:48 -0400 


%% Saved with string encoding Unicode (UTF-8) 



@book{folland,
	Author = {Gerald B. Folland},
	Date-Added = {2016-03-17 16:28:32 +0000},
	Date-Modified = {2016-03-17 16:30:16 +0000},
	Number = {ISBN 0-534-17097-3},
	Publisher = {Brooks and Cole Publishing Company},
	Title = {Fourier Analysis and its Applications},
	Year = {1992}}

@book{griffiths,
	Author = {David J. Griffiths},
	Date-Added = {2016-03-17 16:26:40 +0000},
	Date-Modified = {2016-03-17 16:30:43 +0000},
	Edition = {Second Edition},
	Number = {ISBN 0-13-111892-7},
	Publisher = {Pearson},
	Title = {Introduction to Quantum Mechanics},
	Year = {2005}}

@article{LSCall,
	Author = {B.P. Abbott et al. (LIGO Scientific Collaboration and Virgo Collaboration)},
	Date-Added = {2016-03-17 04:20:02 +0000},
	Date-Modified = {2016-03-17 04:26:17 +0000},
	Journal = {Physical Review Letters},
	Number = {061102},
	Pages = {1-16},
	Title = {Observation of Gravitational Waves from a Binary Black Hole Merger},
	Volume = {116},
	Year = {12 February 2016}}

@article{deanna,
	Author = {Deanna Emery},
	Date-Added = {2016-03-17 04:13:00 +0000},
	Date-Modified = {2016-03-17 04:18:43 +0000},
	Journal = {LIGO DCC},
	Month = {September},
	Number = {T1500307-v2},
	Title = {A Coherent Three Dimensional FFT Based Search Scheme for Gravitational Waves from Binary Neurton Star Systems},
	Year = {2015}}

@article{LIGOSqueezer,
	Author = {LIGO Scientific Collaboration Authors},
	Date-Added = {2015-11-17 02:55:33 +0000},
	Date-Modified = {2015-11-17 03:01:28 +0000},
	Journal = {Nature Photonics},
	Month = {July},
	Pages = {613-619},
	Title = {Enhanced sensitivity of the LIGO gravitational wave detector by using squeesed states of light},
	Volume = {117},
	Year = {2013}}

@book{Saulson,
	Author = {Peter R. Saulson},
	Date-Added = {2015-11-17 02:40:52 +0000},
	Date-Modified = {2015-11-17 02:45:57 +0000},
	Publisher = {World Scientific Publishing Company},
	Title = {Fundamentals of Interferometric Gravitational Wave Detectors},
	Year = {March 31, 1994}}

@article{Caves,
	Author = {Carlton M. Caves},
	Date-Added = {2015-10-28 23:44:31 +0000},
	Date-Modified = {2015-10-28 23:47:07 +0000},
	Journal = {Physical Review},
	Month = {April},
	Number = {8},
	Pages = {1693-1708},
	Title = {Quantum-Mechanical Noise in an Interferometer},
	Volume = {23},
	Year = {1981}}

@article{KogelnikLi,
	Author = {{H. Kogelnik, T. Li}},
	Date-Added = {2015-10-28 23:32:00 +0000},
	Date-Modified = {2015-11-17 02:54:12 +0000},
	Journal = {Proceedings of the IEEE},
	Month = {October},
	Number = {10},
	Pages = {1312-1329},
	Rating = {5},
	Read = {1},
	Title = {Laser Beams and Resonators},
	Volume = {54},
	Year = {1966}}
