%% This BibTeX bibliography file was created using BibDesk.
%% http://bibdesk.sourceforge.net/


%% Created for Curtis Rau at 2016-05-01 15:05:30 -0400 


%% Saved with string encoding Unicode (UTF-8) 



@book{folland,
	Author = {Gerald B. Folland},
	Date-Added = {2016-03-17 16:28:32 +0000},
	Date-Modified = {2016-03-17 16:30:16 +0000},
	Number = {ISBN 0-534-17097-3},
	Publisher = {Brooks and Cole Publishing Company},
	Title = {Fourier Analysis and its Applications},
	Year = {1992}}

@article{abbott,
	Author = {B.P. Abbott et al. (LIGO Scientific Collaboration and Virgo Collaboration)},
	Date-Added = {2016-03-17 04:20:02 +0000},
	Date-Modified = {2016-05-01 19:04:44 +0000},
	Journal = {Physical Review Letters},
	Number = {061102},
	Pages = {1-16},
	Title = {Observation of Gravitational Waves from a Binary Black Hole Merger},
	Volume = {116},
	Year = {12 February 2016}}

@article{deanna,
	Author = {Deanna Emery},
	Date-Added = {2016-03-17 04:13:00 +0000},
	Date-Modified = {2016-03-17 04:18:43 +0000},
	Journal = {LIGO DCC},
	Month = {September},
	Number = {T1500307-v2},
	Title = {A Coherent Three Dimensional FFT Based Search Scheme for Gravitational Waves from Binary Neurton Star Systems},
	Year = {2015}}

@book{saulson,
	Author = {Peter R. Saulson},
	Date-Added = {2015-11-17 02:40:52 +0000},
	Date-Modified = {2016-05-01 19:05:17 +0000},
	Publisher = {World Scientific Publishing Company},
	Title = {Fundamentals of Interferometric Gravitational Wave Detectors},
	Year = {March 31, 1994}}

@article{caves,
	Author = {Carlton M. Caves},
	Date-Added = {2015-10-28 23:44:31 +0000},
	Date-Modified = {2016-05-01 19:05:25 +0000},
	Journal = {Physical Review},
	Month = {April},
	Number = {8},
	Pages = {1693-1708},
	Title = {Quantum-Mechanical Noise in an Interferometer},
	Volume = {23},
	Year = {1981}}

@article{KogelnikLi,
	Author = {{H. Kogelnik, T. Li}},
	Date-Added = {2015-10-28 23:32:00 +0000},
	Date-Modified = {2015-11-17 02:54:12 +0000},
	Journal = {Proceedings of the IEEE},
	Month = {October},
	Number = {10},
	Pages = {1312-1329},
	Rating = {5},
	Read = {1},
	Title = {Laser Beams and Resonators},
	Volume = {54},
	Year = {1966}}
	
@article{abramovici1996improved,
  title={Improved sensitivity in a gravitational wave interferometer and implications for LIGO},
  author={Abramovici, A and Althouse, W and Camp, J and Durance, D and Giaime, JA and Gillespie, A and Kawamura, S and Kuhnert, A and Lyons, T and Raab, FJ and others},
  journal={Physics Letters A},
  volume={218},
  number={3},
  pages={157--163},
  year={1996},
  publisher={Elsevier}
}

@article{aasi2013enhanced,
  title={Enhanced sensitivity of the LIGO gravitational wave detector by using squeezed states of light},
  author={Aasi, Junaid and Abadie, J and Abbott, BP and Abbott, Richard and Abbott, TD and Abernathy, MR and Adams, Carl and Adams, Thomas and Addesso, Paolo and Adhikari, RX and others},
  journal={Nature Photonics},
  volume={7},
  number={8},
  pages={613--619},
  year={2013},
  publisher={Nature Publishing Group}
}

@book{einstein1990gravitational,
  title={On gravitational waves},
  author={Einstein, Albert},
  year={1990},
  publisher={Springer}
}

@article{poisson1998gravitational,
  title={Gravitational waves from inspiraling compact binaries: The quadrupole-moment term},
  author={Poisson, Eric},
  journal={Physical Review D},
  volume={57},
  number={8},
  pages={5287},
  year={1998},
  publisher={APS}
}

@article{magalhaes1995determination,
  title={Determination of astrophysical parameters from the spherical gravitational wave detector data},
  author={Magalh{\~a}es, Nadja S and Johnson, Warren W and Frajuca, Carlos and Aguiar, Odylio D},
  journal={Monthly Notices of the Royal Astronomical Society},
  volume={274},
  number={3},
  pages={670--678},
  year={1995},
  publisher={Oxford University Press}
}

@article{rader1968discrete,
  title={Discrete Fourier transforms when the number of data samples is prime},
  author={Rader, Charles},
  journal={Proceedings of the IEEE},
  volume={56},
  number={6},
  pages={1107--1108},
  year={1968},
  publisher={IEEE}
}

@article{oweiss2001noise,
  title={Noise reduction in multichannel neural recordings using a new array wavelet denoising algorithm},
  author={Oweiss, Karim G and Anderson, David J},
  journal={Neurocomputing},
  volume={38},
  pages={1687--1693},
  year={2001},
  publisher={Elsevier}
}

@article{aminghafari2006multivariate,
  title={Multivariate denoising using wavelets and principal component analysis},
  author={Aminghafari, Mina and Cheze, Nathalie and Poggi, Jean-Michel},
  journal={Computational Statistics \& Data Analysis},
  volume={50},
  number={9},
  pages={2381--2398},
  year={2006},
  publisher={Elsevier}
}

@inproceedings{huang1998empirical,
  title={The empirical mode decomposition and the Hilbert spectrum for nonlinear and non-stationary time series analysis},
  author={Huang, Norden E and Shen, Zheng and Long, Steven R and Wu, Manli C and Shih, Hsing H and Zheng, Quanan and Yen, Nai-Chyuan and Tung, Chi Chao and Liu, Henry H},
  booktitle={Proceedings of the Royal Society of London A: Mathematical, Physical and Engineering Sciences},
  volume={454},
  number={1971},
  pages={903--995},
  year={1998},
  organization={The Royal Society}
}